
@book{hernandez_database_2021,
	title = {Database {Design} for {Mere} {Mortals}: {A} {Hands}-{On} {Guide} to {Relational} {Database} {Design}},
	isbn = {978-0-13-312227-5},
	shorttitle = {Database {Design} for {Mere} {Mortals}},
	language = {en},
	publisher = {Addison-Wesley},
	author = {Hernandez, Michael J.},
	month = jul,
	year = {2021},
	note = {Google-Books-ID: MVApxsrcHiAC},
	keywords = {Computers / Database Administration \& Management},
}

@book{beaulieu_learning_2009,
	title = {Learning {SQL}: {Master} {SQL} {Fundamentals}},
	isbn = {978-0-596-55107-0},
	shorttitle = {Learning {SQL}},
	publisher = {"O'Reilly Media, Inc."},
	author = {Beaulieu, Alan},
	month = apr,
	year = {2009},
	note = {Google-Books-ID: FwKHDwAAQBAJ},
	keywords = {Computers / Data Science / Data Analytics, Computers / Data Science / Data Modeling \& Design, Computers / Data Science / Data Warehousing, Computers / Database Administration \& Management, Computers / General, Technology \& Engineering / General},
}
